@book{li1992introduction,
  title={Introduction to operator algebras},
  author={Li, Bing-Ren},
  year={1992},
  publisher={World Scientific}
}

@book{murphy2014c,
  title={C*-algebras and operator theory},
  author={Murphy, Gerald J},
  year={2014},
  publisher={Academic press}
}